@misc{google,
  title = {{Google Knowledge Graph}},
  howpublished = "\url{https://www.google.com/insidesearch/features/search/knowledge.html}",
  year = {2016}, 
  note = "[Online; accessed 14-August-2016]"
}

@misc{bing,
  title = {{Bing Knowledge and Action Graph}},
  howpublished = "\url{https://www.bing.com/partners/knowledgegraph}",
  year = {2016}, 
  note = "[Online; accessed 14-August-2016]"
}

@misc{pdf,
  title = {{Adobe: What is PDF?}},
  howpublished = "\url{https://acrobat.adobe.com/us/en/why-adobe/about-adobe-pdf.html}",
  year = {2016}, 
  note = "[Online; accessed 14-August-2016]"
}

@misc{semanticscholar,
  title = {{Semantic Scholar}},
  howpublished = "\url{http://allenai.org/semantic-scholar/}",
  year = {2016}, 
  note = "[Online; accessed 20-August-2016]"
}

@misc{wiki,
  title = "Wikipedia, The Free Encyclopedia",
  year = "2010",
  howpublished = "\url{http://www.wikipedia.org/}",
  note = "[Online; accessed 21-August-2016]"
}

@article{dbpedia-swj,
  added-at = {2016-08-11T15:03:15.000+0200},
  author = {Lehmann, Jens and Isele, Robert and Jakob, Max and Jentzsch, Anja and Kontokostas, Dimitris and Mendes, Pablo N. and Hellmann, Sebastian and Morsey, Mohamed and van Kleef, Patrick and Auer, S{\"o}ren and Bizer, Christian},
  journal = {Semantic Web Journal},
  keywords = {2014 MOLE dllearner geoknow group_aksw kontokostas lehmann lod2page topic_Classification},
  number = 2,
  pages = {167--195},
  timestamp = {2016-08-11T15:03:15.000+0200},
  title = {{DBpedia} - A Large-scale, Multilingual Knowledge Base Extracted from Wikipedia},
  volume = 6,
  year = 2015
}

@article{Miller:1995:WLD:219717.219748,
 author = {Miller, George A.},
 title = {WordNet: A Lexical Database for English},
 journal = {Commun. ACM},
 issue_date = {Nov. 1995},
 volume = {38},
 number = {11},
 month = nov,
 year = {1995},
 issn = {0001-0782},
 pages = {39--41},
 numpages = {3},
 publisher = {ACM},
 address = {New York, NY, USA},
}

@inproceedings{Bollacker2008,
 author = {Bollacker, Kurt and Evans, Colin and Paritosh, Praveen and Sturge, Tim and Taylor, Jamie},
 title = {Freebase: A Collaboratively Created Graph Database for Structuring Human Knowledge},
 booktitle = {Proceedings of the 2008 ACM SIGMOD International Conference on Management of Data},
 series = {SIGMOD '08},
 year = {2008},
 isbn = {978-1-60558-102-6},
 pages = {1247--1250},
 numpages = {4},
 publisher = {ACM},
 address = {New York, NY, USA},
 keywords = {collaborative systems, semantic network, tuple store},
}

@inproceedings{Suchanek2007,
 author = {Suchanek, Fabian M. and Kasneci, Gjergji and Weikum, Gerhard},
 title = {Yago: A Core of Semantic Knowledge},
 booktitle = {Proceedings of the 16th International Conference on World Wide Web},
 series = {WWW '07},
 year = {2007},
 isbn = {978-1-59593-654-7},
 pages = {697--706},
 numpages = {10},
 publisher = {ACM},
 address = {New York, NY, USA},
 keywords = {WordNet, wikipedia},
}

@inproceedings{hixon-clark-hajishirzi-2015,
  author    = {Hixon, Ben  and  Clark, Peter  and  Hajishirzi, Hannaneh},
  title     = {Learning Knowledge Graphs for Question Answering through Conversational Dialog},
  booktitle = {Proceedings of the 2015 Conference of the North American Chapter of the Association for Computational Linguistics: Human Language Technologies},
  year      = {2015},
  address   = {Denver, Colorado},
  publisher = {Association for Computational Linguistics},
  pages     = {851--861},
}

@inproceedings{Surdeanu:2011:CIE:2021153.2021155,
 author = {Surdeanu, Mihai and McClosky, David and Smith, Mason R. and Gusev, Andrey and Manning, Christopher D.},
 title = {Customizing an Information Extraction System to a New Domain},
 booktitle = {Proceedings of the ACL 2011 Workshop on Relational Models of Semantics},
 series = {RELMS '11},
 year = {2011},
 pages = {2--10},
 numpages = {9},
 acmid = {2021155},
 publisher = {Association for Computational Linguistics},
 address = {Stroudsburg, PA, USA},
}

@inproceedings{Nakashole:2011:SKH:1935826.1935869,
 author = {Nakashole, Ndapandula and Theobald, Martin and Weikum, Gerhard},
 title = {Scalable Knowledge Harvesting with High Precision and High Recall},
 booktitle = {Proceedings of the Fourth ACM International Conference on Web Search and Data Mining},
 series = {WSDM '11},
 year = {2011},
 pages = {227--236},
 numpages = {10},
 publisher = {ACM},
 address = {New York, NY, USA},
 keywords = {information extraction, knowledhe harvesting, scalability},
}

@inproceedings{Nakashole:2012:PTR:2390948.2391076,
 author = {Nakashole, Ndapandula and Weikum, Gerhard and Suchanek, Fabian},
 title = {PATTY: A Taxonomy of Relational Patterns with Semantic Types},
 booktitle = {Proceedings of the 2012 Joint Conference on Empirical Methods in Natural Language Processing and Computational Natural Language Learning},
 series = {EMNLP-CoNLL '12},
 year = {2012},
 pages = {1135--1145},
 numpages = {11},
 publisher = {Association for Computational Linguistics},
 address = {Stroudsburg, PA, USA},
}

@inproceedings{Finkel:2005:INI:1219840.1219885,
 author = {Finkel, Jenny Rose and Grenager, Trond and Manning, Christopher},
 title = {Incorporating Non-local Information into Information Extraction Systems by Gibbs Sampling},
 booktitle = {Proceedings of the 43rd Annual Meeting on Association for Computational Linguistics},
 series = {ACL '05},
 year = {2005},
 pages = {363--370},
 numpages = {8},
 publisher = {Association for Computational Linguistics},
 address = {Stroudsburg, PA, USA},
}

@inproceedings{manning-EtAl:2014:P14-5,
  author    = {Manning, Christopher D. and  Surdeanu, Mihai  and  Bauer, John  and  Finkel, Jenny  and  Bethard, Steven J. and  McClosky, David},
  title     = {The {Stanford} {CoreNLP} Natural Language Processing Toolkit},
  booktitle = {Association for Computational Linguistics (ACL) System Demonstrations},
  year      = {2014},
  pages     = {55--60},
}

@book{BirdKleinLoper09,
  author = {Steven Bird and Ewan Klein and Edward Loper},
  title = {{Natural Language Processing with Python}},
  publisher = {O'Reilly Media},
  year = 2009
}

@book{Moens:2006:IEA:1177314,
 author = {Moens, Marie-Francine},
 title = {Information Extraction: Algorithms and Prospects in a Retrieval Context (The Information Retrieval Series)},
 year = {2006},
 isbn = {1402049870},
 publisher = {Springer-Verlag New York, Inc.},
 address = {Secaucus, NJ, USA},
}

@book{Jurafsky:2000:SLP:555733,
 author = {Jurafsky, Daniel and Martin, James H.},
 title = {Speech and Language Processing: An Introduction to Natural Language Processing, Computational Linguistics, and Speech Recognition},
 year = {2000},
 isbn = {0130950696},
 edition = {1st},
 publisher = {Prentice Hall PTR},
 address = {Upper Saddle River, NJ, USA},
}